<?xml version="1.0"?>
<marc:collection xmlns:marc="http://www.loc.gov/MARC21/slim" xmlns:xsi="http://www.w3.org/2001/XMLSchema-instance" xsi:schemaLocation="http://www.loc.gov/MARC21/slim http://www.loc.gov/standards/marcxml/schema/MARC21slim.xsd">
   <marc:record type="Bibliographic">
      <marc:leader>01622cam a2200409Mi 4500</marc:leader>
      <marc:controlfield tag="001">2771622</marc:controlfield>
      <marc:controlfield tag="003">NjP</marc:controlfield>
      <marc:controlfield tag="005">20141111125839.0</marc:controlfield>
      <marc:controlfield tag="008">871202s1970    iq            000 0 ara d</marc:controlfield>
      <marc:datafield tag="024" ind1="7" ind2=" ">
         <marc:subfield code="a">princeton_aco000031</marc:subfield>
         <marc:subfield code="2">local</marc:subfield>
      </marc:datafield>
      <marc:datafield tag="035" ind1=" " ind2=" ">
         <marc:subfield code="a">(OCoLC)ocn178455238</marc:subfield>
      </marc:datafield>
      <marc:datafield tag="035" ind1=" " ind2=" ">
         <marc:subfield code="a">(OCoLC)ocm36263765</marc:subfield>
      </marc:datafield>
      <marc:datafield tag="040" ind1=" " ind2=" ">
         <marc:subfield code="a">ZCU</marc:subfield>
         <marc:subfield code="c">PUL</marc:subfield>
         <marc:subfield code="d">PUL</marc:subfield>
      </marc:datafield>
      <marc:datafield tag="035" ind1=" " ind2=" ">
         <marc:subfield code="a">(OCoLC)178455238</marc:subfield>
      </marc:datafield>
      <marc:datafield tag="035" ind1=" " ind2=" ">
         <marc:subfield code="9">CNG8586TS</marc:subfield>
      </marc:datafield>
      <marc:datafield tag="035" ind1=" " ind2=" ">
         <marc:subfield code="a">(NjP)2771622</marc:subfield>
      </marc:datafield>
      <marc:datafield tag="043" ind1=" " ind2=" ">
         <marc:subfield code="a">a-iq---</marc:subfield>
      </marc:datafield>
      <marc:datafield tag="050" ind1=" " ind2="4">
         <marc:subfield code="a">PJ7501</marc:subfield>
         <marc:subfield code="b">.W35</marc:subfield>
      </marc:datafield>
      <marc:datafield tag="079" ind1=" " ind2=" ">
         <marc:subfield code="a">ocm36263765</marc:subfield>
      </marc:datafield>
      <marc:datafield tag="049" ind1=" " ind2=" ">
         <marc:subfield code="a">PULL</marc:subfield>
      </marc:datafield>
      <marc:datafield tag="100" ind1="1" ind2=" ">
         <marc:subfield code="6">880-01</marc:subfield>
         <marc:subfield code="a">Waki&#x304;l, al-&#x2BB;Awad&#x323;i&#x304;.</marc:subfield>
      </marc:datafield>
      <marc:datafield tag="245" ind1="1" ind2="3">
         <marc:subfield code="6">880-02</marc:subfield>
         <marc:subfield code="a">al-Mu&#x2BC;tamar wa-al-mihraja&#x304;n :</marc:subfield>
         <marc:subfield code="b">bayna Baghda&#x304;d wa-al-Bas&#x323;rah /</marc:subfield>
         <marc:subfield code="c">al-&#x2BB;Awad&#x323;i&#x304; al-Waki&#x304;l.</marc:subfield>
      </marc:datafield>
      <marc:datafield tag="260" ind1=" " ind2=" ">
         <marc:subfield code="6">880-03</marc:subfield>
         <marc:subfield code="a">Baghda&#x304;d :</marc:subfield>
         <marc:subfield code="b">Wiza&#x304;rat al-Thaqa&#x304;fah wa-al-I&#x2BB;la&#x304;m,</marc:subfield>
         <marc:subfield code="c">1970.</marc:subfield>
      </marc:datafield>
      <marc:datafield tag="300" ind1=" " ind2=" ">
         <marc:subfield code="a">112 p. ;</marc:subfield>
         <marc:subfield code="c">17 cm.</marc:subfield>
      </marc:datafield>
      <marc:datafield tag="490" ind1="0" ind2=" ">
         <marc:subfield code="6">880-04</marc:subfield>
         <marc:subfield code="a">Silsilat al-thaqa&#x304;fah al-&#x2BB;a&#x304;mmah ;</marc:subfield>
         <marc:subfield code="v">6</marc:subfield>
      </marc:datafield>
      <marc:datafield tag="500" ind1=" " ind2=" ">
         <marc:subfield code="a">In Arabic.</marc:subfield>
      </marc:datafield>
      <marc:datafield tag="611" ind1="2" ind2="0">
         <marc:subfield code="6">880-05</marc:subfield>
         <marc:subfield code="a">Mu&#x2BC;tamar al-Udaba&#x304;&#x2BC;</marc:subfield>
         <marc:subfield code="n">(7th :</marc:subfield>
         <marc:subfield code="d">1969 :</marc:subfield>
         <marc:subfield code="c">Baghdad, Iraq)</marc:subfield>
      </marc:datafield>
      <marc:datafield tag="611" ind1="2" ind2="0">
         <marc:subfield code="6">880-06</marc:subfield>
         <marc:subfield code="a">Mihraja&#x304;n al-Shi&#x2BB;r</marc:subfield>
         <marc:subfield code="n">(9th :</marc:subfield>
         <marc:subfield code="d">1969 :</marc:subfield>
         <marc:subfield code="c">Bas&#x323;rah, Iraq)</marc:subfield>
      </marc:datafield>
      <marc:datafield tag="650" ind1=" " ind2="0">
         <marc:subfield code="a">Arabic literature</marc:subfield>
         <marc:subfield code="v">Congresses.</marc:subfield>
      </marc:datafield>
      <marc:datafield tag="650" ind1=" " ind2="0">
         <marc:subfield code="a">Arabic poetry</marc:subfield>
         <marc:subfield code="v">Congresses.</marc:subfield>
      </marc:datafield>
      <marc:datafield tag="880" ind1="1" ind2=" ">
         <marc:subfield code="6">100-01/r</marc:subfield>
         <marc:subfield code="a">&#x648;&#x643;&#x64A;&#x644;&#x60C; &#x627;&#x644;&#x639;&#x648;&#x636;&#x64A;.</marc:subfield>
      </marc:datafield>
      <marc:datafield tag="880" ind1="1" ind2="2">
         <marc:subfield code="6">245-02/r</marc:subfield>
         <marc:subfield code="a">&#x627;&#x644;&#x645;&#x624;&#x62A;&#x645;&#x631; &#x648;&#x627;&#x644;&#x645;&#x647;&#x631;&#x62C;&#x627;&#x646; :</marc:subfield>
         <marc:subfield code="b">&#x628;&#x64A;&#x646; &#x628;&#x63A;&#x62F;&#x627;&#x62F; &#x648;&#x627;&#x644;&#x628;&#x635;&#x631;&#x629; /</marc:subfield>
         <marc:subfield code="c">&#x627;&#x644;&#x639;&#x648;&#x636;&#x64A; &#x627;&#x644;&#x648;&#x643;&#x64A;&#x644;.</marc:subfield>
      </marc:datafield>
      <marc:datafield tag="880" ind1=" " ind2=" ">
         <marc:subfield code="6">260-03/r</marc:subfield>
         <marc:subfield code="a">&#x628;&#x63A;&#x62F;&#x627;&#x62F; :</marc:subfield>
         <marc:subfield code="b">&#x648;&#x632;&#x627;&#x631;&#x629; &#x627;&#x644;&#x62B;&#x642;&#x627;&#x641;&#x629; &#x648;&#x627;&#x644;&#x627;&#x639;&#x644;&#x627;&#x645;&#x60C;</marc:subfield>
         <marc:subfield code="c">1970.</marc:subfield>
      </marc:datafield>
      <marc:datafield tag="880" ind1="0" ind2=" ">
         <marc:subfield code="6">490-04/r</marc:subfield>
         <marc:subfield code="a">&#x633;&#x644;&#x633;&#x644;&#x629; &#x627;&#x644;&#x62B;&#x642;&#x627;&#x641;&#x629; &#x627;&#x644;&#x639;&#x627;&#x645;&#x629; &#x61B;</marc:subfield>
         <marc:subfield code="v">6</marc:subfield>
      </marc:datafield>
      <marc:datafield tag="880" ind1="2" ind2="0">
         <marc:subfield code="6">611-05/r</marc:subfield>
         <marc:subfield code="a">&#x645;&#x624;&#x62A;&#x645;&#x631; &#x627;&#x644;&#x627;&#x62F;&#x628;&#x627;&#x621;</marc:subfield>
         <marc:subfield code="n">(7th :</marc:subfield>
         <marc:subfield code="d">1969 :</marc:subfield>
         <marc:subfield code="c">Baghdad, Iraq)</marc:subfield>
      </marc:datafield>
      <marc:datafield tag="880" ind1="2" ind2="0">
         <marc:subfield code="6">611-06/r</marc:subfield>
         <marc:subfield code="a">&#x645;&#x647;&#x631;&#x62C;&#x627;&#x646; &#x627;&#x644;&#x634;&#x639;&#x631;</marc:subfield>
         <marc:subfield code="n">(9th :</marc:subfield>
         <marc:subfield code="d">1969 :</marc:subfield>
         <marc:subfield code="c">Bas&#x323;rah, Iraq)</marc:subfield>
      </marc:datafield>
      <marc:datafield tag="911" ind1=" " ind2=" ">
         <marc:subfield code="a">20000130</marc:subfield>
      </marc:datafield>
      <marc:datafield tag="994" ind1=" " ind2=" ">
         <marc:subfield code="a">C0</marc:subfield>
         <marc:subfield code="b">PUL</marc:subfield>
      </marc:datafield>
      <marc:datafield tag="999" ind1=" " ind2=" ">
         <marc:subfield code="a">2771622</marc:subfield>
      </marc:datafield>
   </marc:record>
</marc:collection>
